@preamble{ "\newcommand{\noopsort}[1]{} "
        # "\newcommand{\printfirst}[2]{#1} "
        # "\newcommand{\singleletter}[1]{#1} "
        # "\newcommand{\switchargs}[2]{#2#1} " }


@ARTICLE{metrics,
   author = {Radek, PELÁNEK},
   title = {Metrics for Evaluation of Student Models},
   journal = {Journal of Educational Data Mining},
   year = 2015,
   volume = 7,
   number = 2,
   pages = "1--19",
}

@INCOLLECTION{klema,
   author = {František, KAREL and Jiří KLÉMA},
   title = "Adaptivity in e-learning",
   booktitle = "Current developments in technology-assisted education",
   publisher = "Formatex",
   year = "2006",
   pages = "260--264",
   isbn = "84-690-2472-8",
}

@MASTERSTHESIS{boros,
   author = {Petr, BOROŠ},
   title = "Clustering Analysis in Educational Data",
   school = "Masarykova univerzita",
   year = "2013",
   type = "Bakalářská práce",
   address = "Brno",
}

@MASTERSTHESIS{dunickova,
   author = {Martina, DUNIČKOVÁ},
   title = {Analýza výukových dat ze systému Umíme česky},
   school = "Masarykova univerzita",
   year = "2016",
   type = "Bakalářská práce",
   address = "Brno",
}

@BOOK{mitchell,
   author = {Tom M., MITCHELL},
   title = "Machine Learning",
   publisher = "McGraw-Hill",
   address = "Boston",
   year = "1997",
   isbn = "0-07-042807-7",
}

@BOOK{bishop,
   author = {Christopher M., BISHOP},
   title = "Pattern Recognition and Machine Learning",
   publisher = "Springer",
   address = "New York",
   year = "2006",
   series = "Information Science and Statistics",
   isbn = "0-387-31073-8",
}

@BOOK{murphy,
   author = {Kevin P., MURPHY},
   title = "Machine Learning: A Probabilistic Perspective",
   publisher = "MIT Press",
   address = "Cambridge",
   year = "2012",
   series = "Adaptive Computation and Machine Learning",
   isbn = "978-0-262-01802-9",
}

@BOOK{romero,
   author = {Cristóbal et al., ROMERO},
   title = "Handbook of Educational Data Mining",
   publisher = "CRC Press",
   address = "London",
   year = "2011",
   series = "Chapman and Hall/CRC Data Mining and Knowledge Discovery Series",
   isbn = "978-1-4398-0457-5",
}

@BOOK{han-kamber,
   author = {Jiawei, HAN and Micheline KAMBER},
   title = "Data Mining: Concepts and Techniques",
   publisher = "Morgan Kaufman Publishers",
   address = "San Francisco",
   year = "2001",
   series = "Morgan Kaufmann Series in Data Management Systems",
   isbn = "1-55860-489-8",
}

@BOOK{zhu,
   author = {Xingquan, ZHU and Ian DAVIDSON},
   title = "Knowledge Discovery and Data Mining: Challenges and Realities",
   publisher = "Information Science Reference",
   address = "Hershey",
   year = "2007",
   isbn = "978-1-59904-252-7",
}

@BOOK{pca,
   author = {Ian T., JOLLIFFE},
   title = "Principal Component Analysis",
   publisher = "Springer",
   address = "New York",
   year = "2002",
   edition = "Second Edition",
   series = "Springer Series In Statistics",
   isbn = "0-387-95442-2",
}

@ARTICLE{tsne,
   author = {Laurens, VAN DER MAATEN and Geoffrey HINTON},
   title = {Visualizing Data using t-SNE},
   journal = {Journal of Machine Learning Research},
   year = 2008,
   volume = 9,
   pages = "2579--2605",
   month = nov,
}

@UNPUBLISHED{its,
   author = {Jiří, ŘIHÁK and Radek PELÁNEK},
   title = {Choosing a Student Model for a Real World Application},
   year = 2016,
}

@INPROCEEDINGS{matmat,
   author = {Jiří, ŘIHÁK},
   title = {Use of Time Information in Models behind Adaptive System for Building Fluency in Mathematics},
   booktitle = {Proceedings of the 8th International Conference on Educational Data Mining},
   year = 2015,
}

@ARTICLE{minkowski,
   author = {Renato, CORDEIRO DE AMORIM and Boris MIRKIN},
   title = {Minkowski Metric, Feature Weighting and Anomalous Cluster Initializing in K-Means Clustering},
   journal = {Pattern Recognition},
   year = 2012,
   volume = 45,
   pages = "1061--1075",
}

@online{sklearn,
   author = {SCIKIT-LEARN DEVELOPERS},
   title  = {Scikit-learn. Machine Learning in Python},
   url    = {http://scikit-learn.org/stable/index.html},
   note = {Scikit-learn.org. [online]. [cit. {2016-05-10]}},
}

@INPROCEEDINGS{slepe_mapy,
   author = "Jan, PAPOUŠEK and Radek PELÁNEK and Vít STANISLAV",
   title = "Adaptive Practice of Facts in Domains with Varied Prior Knowledge",
   booktitle = "Proceedings of the 7th International Conference on Educational Data Mining",
   pages = "6--13",
   year = 2014
}

@UNPUBLISHED{halees,
   author = {Alaa, EL-HALEES},
   title = {Mining Students Data to Analyze Learning Behavior: A Case Study},
   month = jan,
   year = 2009,
}

@INPROCEEDINGS{trivedi,
   author = {Shubhendu, TRIVEDI and Zachary A. PARDOS and Neil T. HEFFERNAN},
   title = {Clustering Students to Generate an Ensemble to Improve Standard Test Score Predictions},
   booktitle = {Artificial Intelligence in Education},
   number = 6738,
   series = "Lecture Notes in Computer Science",
   pages = "377--384",
   year = 2011,
   address = {Berlin, Heidelberg},
   publisher = {Springer}
}

@INPROCEEDINGS{romero_art,
   author = {Cristóbal et al., ROMERO},
   title = {Data Mining Algorithms to Classify Students},
   booktitle = {Educational Data Mining 2008},
   pages = "8--17",
   year = 2008,
}

@ARTICLE{esposito,
   author = {Floriana, ESPOSITO and Oriana LICCHELLI and Giovanni SEMERARO},
   title = {Discovering Student Models in e-learning Systems},
   journal = {Journal of Universal Computer Science},
   year = 2004,
   volume = 10,
   number = 1,
   pages = "47--57",
   month = jan,
}

@INPROCEEDINGS{hamalainen,
   author = {Wilhelmiina, HÄMÄLÄINEN and Mikko VINNI},
   title = {Comparison of Machine Learning Methods for Intelligent Tutoring Systems},
   booktitle = {Intelligent Tutoring Systems},
   number = 6094,
   series = "Lecture Notes in Computer Science",
   pages = "525--534",
   year = 2010,
   address = {Berlin, Heidelberg},
   publisher = {Springer},
}

@INPROCEEDINGS{minaei,
   author = {Behrouz et al., MINAEI--BIDGOLI},
   title = {Predicting Student Performance: An Application of Data Mining Methods with an Educational Web-based System},
   booktitle = {33rd Annual Frontiers in Education: Conference Proceedings},
   number = 33,
   series = "Frontiers in Education",
   pages = "13--18",
   year = 2003,
}